%------------------------ INTRO ----------------------------

@book{forman1995,
address = {New York},
author = {Forman, Richard T T},
publisher = {Cambridge University Press},
title = {{Land Mosaics: The ecology of landscapes and regions}},
year = {1995},
keywords = {intro}
}

@book{Sutherland2006,
address = {Cambridge, UK},
author = {Sutherland, William J},
edition = {2},
isbn = {9780521606363},
publisher = {Cambridge University Press},
title = {{Ecological Census Techniques}},
year = {2006},
keywords = {intro}
}


@article{meyrs2000,
author = {Myers, Norman and Mittermeier, Russell A and Mittermeier, Cristina G and da Fonseca, Gustavo A B and Kent, Jennifer},
journal = {Nature},
pages = {853--858},
title = {{Biodiversity hotspots for conservation priorities}},
volume = {403},
year = {2000},
keywords = {intro}
}

%------------------------ PYTHON ----------------------------

@misc{Petras2016,
author = {Harmon, Brendan A and Petrasova, Anna and Petras, Vaclav and Mitasova, Helena and Vukomanovic, Jelena and Meentemeyer, Ross K},
title = {{Introduction to GRASS GIS: Python Scripting}},
url = {http://ncsu-geoforall-lab.github.io/grass-intro-workshop/python.html},
year = {2016},
keywords = {python}
}

@misc{Github,
author = {GitHub},
title = {{GitHub Guides: Hello World}},
url = {https://guides.github.com/activities/hello-world/},
year = {2016},
keywords = {python}
}

@misc{Hetland,
author = {Hetland, Magnus Lie},
title = {{Instant Hacking}},
url = {http://hetland.org/writing/instant-hacking.html},
keywords = {python}
}

%------------------------ FORM & PROCESS ----------------------------




%keywords = {form_and_process}



%------------------------ BASELINES ----------------------------


%keywords = {baselines}


%------------------------ SUITABILITY---------------------------


%keywords = {suitability}

%------------------------ VIEWSHEDS ----------------------------


%keywords = {viewsheds}

%------------------------ CORRIDORS ----------------------------


%keywords = {corridors}

%------------------------ FUTURES ----------------------------

@article{Petrasova2016,
author = {Petrasova, Anna and Petras, Vaclav and {Van Berkel}, Derek and Harmon, Brendan A and Mitasova, Helena and Meentemeyer, Ross K},
journal = {ISPRS - International Archives of the Photogrammetry, Remote Sensing and Spatial Information Sciences},
doi = {10.5194/isprs-archives-XLI-B7-953-2016},
pages = {953--959},
publisher = {International Society of Photogrammetry and Remote Sensing},
title = {{Open source approach to urban growth simulation}},
url = {http://www.int-arch-photogramm-remote-sens-spatial-inf-sci.net/XLI-B7/953/2016/},
year = {2016},
keywords = {futures}
}

%------------------------ FIRE ----------------------------


%keywords = {fire}

%------------------------ FLOODING ----------------------------


%keywords = {flooding}

%------------------------ FABRICATION ----------------------------


%keywords = {fabrication}

%------------------------ VIZ ----------------------------

@misc{Petrasova2016a,
author = {Petrasova, Anna and Petras, Vaclav and Harmon, Brendan A and Mitasova, Helena},
title = {{Using GRASS GIS through Python and tangible interfaces}},
url = {https://grasswiki.osgeo.org/wiki/Using_GRASS_GIS_through_Python_and_tangible_interfaces_(workshop_at_FOSS4G_NA_2016)},
year = {2016},
keywords = {viz}
}

@book{Petrasova2015,
author = {Petrasova, Anna and Harmon, Brendan and Petras, Vaclav and Mitasova, Helena},
title = {{Tangible Modeling with Open Source GIS}},
doi = {10.1007/978-3-319-25775-4},
isbn = {978-3-319-25775-4},
publisher = {Springer International Publishing},
url = {https://www.researchgate.net/publication/291973077_Tangible_Modeling_with_Open_Source_GIS},
year = {2015},
keywords = {viz}
}
